<record><leader>00000cas a22000007a 4500</leader><controlfield tag="001">28689416</controlfield><controlfield tag="008">930824d187218uumoumr ne      0    0eng d</controlfield><controlfield tag="009">9538</controlfield><datafield ind1=" " ind2=" " tag="010"><subfield code="a">sn 93059970 </subfield></datafield><datafield ind1=" " ind2=" " tag="040"><subfield code="a">MQN</subfield><subfield code="b">eng</subfield><subfield code="c">MQN</subfield><subfield code="d">OCLCQ</subfield></datafield><datafield ind1="1" ind2=" " tag="029"><subfield code="a">AU@</subfield><subfield code="b">000025857562</subfield></datafield><datafield ind1=" " ind2=" " tag="042"><subfield code="a">msc</subfield></datafield><datafield ind1="0" ind2="4" tag="245"><subfield code="a">The St. Louis trade journal.</subfield></datafield><datafield ind1="3" ind2="0" tag="246"><subfield code="a">Saint Louis trade journal</subfield></datafield><datafield ind1="3" ind2="0" tag="246"><subfield code="a">Trade journal</subfield></datafield><datafield ind1=" " ind2=" " tag="260"><subfield code="a">St. Louis [Mo.] :</subfield><subfield code="b">E.F. Hobart &amp; Co.</subfield></datafield><datafield ind1=" " ind2=" " tag="300"><subfield code="a">v.</subfield></datafield><datafield ind1=" " ind2=" " tag="310"><subfield code="a">Monthly</subfield></datafield><datafield ind1="0" ind2=" " tag="362"><subfield code="a">Vol. 1, no. 1 (May 1872)-</subfield></datafield><datafield ind1=" " ind2=" " tag="500"><subfield code="a">"Devoted to the interests of the St. Louis Board of Trade."</subfield></datafield><datafield ind1=" " ind2="4" tag="651"><subfield code="a">Saint Louis (Mo.)</subfield><subfield code="v">Newspapers.</subfield></datafield><datafield ind1=" " ind2=" " tag="752"><subfield code="a">United States</subfield><subfield code="b">Missouri</subfield><subfield code="d">Saint Louis.</subfield></datafield></record>